<record><leader>00000cas a22000007a 4500</leader><controlfield tag="001">31795460</controlfield><controlfield tag="008">950110d185u18uuiauir ne      0    0eng d</controlfield><datafield ind1=" " ind2=" " tag="010"><subfield code="a">sn 95066041 </subfield></datafield><datafield ind1=" " ind2=" " tag="040"><subfield code="a">NVF</subfield><subfield code="b">eng</subfield><subfield code="c">NVF</subfield><subfield code="d">OCL</subfield><subfield code="d">OCLCQ</subfield><subfield code="d">OCLCF</subfield><subfield code="d">OCLCO</subfield></datafield><datafield ind1=" " ind2=" " tag="042"><subfield code="a">msc</subfield></datafield><datafield ind1=" " ind2=" " tag="043"><subfield code="a">n-us-ia</subfield></datafield><datafield ind1="0" ind2="0" tag="245"><subfield code="a">Tri-weekly Iowa state gazette.</subfield></datafield><datafield ind1=" " ind2=" " tag="260"><subfield code="a">Burlington [Iowa] :</subfield><subfield code="b">Harvey, M'Kenny &amp; Co.</subfield></datafield><datafield ind1=" " ind2=" " tag="300"><subfield code="a">v.</subfield></datafield><datafield ind1=" " ind2=" " tag="310"><subfield code="a">Triweekly</subfield></datafield><datafield ind1=" " ind2=" " tag="580"><subfield code="a">Weekly ed.: Weekly Iowa state gazette, 1854-&lt;&gt;.</subfield></datafield><datafield ind1=" " ind2=" " tag="588"><subfield code="a">Description based on: Vol. 2, no. 15 (Aug. 5, 1854).</subfield></datafield><datafield ind1=" " ind2="0" tag="651"><subfield code="a">Burlington (Iowa)</subfield><subfield code="v">Newspapers.</subfield></datafield><datafield ind1=" " ind2="7" tag="655"><subfield code="a">Newspapers.</subfield><subfield code="2">fast</subfield><subfield code="0">(OCoLC)fst01423814</subfield></datafield><datafield ind1=" " ind2="7" tag="651"><subfield code="a">Iowa</subfield><subfield code="z">Burlington.</subfield><subfield code="2">fast</subfield><subfield code="0">(OCoLC)fst01216205</subfield></datafield><datafield ind1=" " ind2=" " tag="752"><subfield code="a">United States</subfield><subfield code="b">Iowa</subfield><subfield code="c">Des Moines</subfield><subfield code="d">Burlington.</subfield></datafield><datafield ind1="1" ind2=" " tag="775"><subfield code="t">Weekly Iowa state gazette</subfield><subfield code="w">(DLC)sn 82014322</subfield></datafield></record>